<?xml version='1.0' encoding='utf-8'?>
<record xmlns="http://www.loc.gov/MARC21/slim" xmlns:xsi="http://www.w3.org/2001/XMLSchema-instance">
  <leader>^^^^^nam^a2200289^a^4500</leader>
  <controlfield tag="001">003492134</controlfield>
  <controlfield tag="005">20000712000000.0</controlfield>
  <controlfield tag="006">m^^^^^^^^d^^^^^^^^</controlfield>
  <controlfield tag="008">000710s2000^^^^miu^^^^^sr^^^^001^0^fre^d</controlfield>
  <datafield tag="035" ind1=" " ind2=" ">
    <subfield code="a">(OCoLC)ocm44519657</subfield>
  </datafield>
  <datafield tag="040" ind1=" " ind2=" ">
    <subfield code="a">BEU</subfield>
    <subfield code="c">BEU</subfield>
  </datafield>
  <datafield tag="041" ind1="1" ind2=" ">
    <subfield code="a">frelateng</subfield>
    <subfield code="h">fre</subfield>
  </datafield>
  <datafield tag="110" ind1="2" ind2=" ">
    <subfield code="a">Ste. Anne's Church (Mackinac Island, Mich.)</subfield>
  </datafield>
  <datafield tag="245" ind1="1" ind2="0">
    <subfield code="a">Mackinac register, 1695-1888</subfield>
    <subfield code="h">[electronic resource]</subfield>
  </datafield>
  <datafield tag="260" ind1=" " ind2=" ">
    <subfield code="a">Mackinac Island, MI :</subfield>
    <subfield code="b">Ste. Anne's Church,</subfield>
    <subfield code="c">[2000?]</subfield>
  </datafield>
  <datafield tag="300" ind1=" " ind2=" ">
    <subfield code="a">1 computer optical disc ;</subfield>
    <subfield code="c">4 3/4 in.</subfield>
  </datafield>
  <datafield tag="538" ind1=" " ind2=" ">
    <subfield code="a">System requirements: CD-ROM drive; Alchemy Search software.</subfield>
  </datafield>
  <datafield tag="500" ind1=" " ind2=" ">
    <subfield code="a">Title from container.</subfield>
  </datafield>
  <datafield tag="505" ind1="0" ind2=" ">
    <subfield code="a">Ancien registre des baptemes administres dans la paroisse de Michilimakinac commence le 28 d'avril 1695 (Original French) -- Mackinac register of baptisms and internments 1695-1821 (English translation from The Wisconsin state historical collection, vol. 19) -- Ancien registre des mariages faits dans la paroisse de Michilimackinac commence le 1 du mois d'aout 1725 (Original French) -- Mackinac register of marriages 1725-1821 (English translation from The Wisconsin state historical collection, vol. 18) -- Registre des baptemes fait dans la paroisse de Michilimackinac commence le 23 juillet 1823 -- Liber matrimonium missionis Sanctae Annae Mackinac (Original Latin).</subfield>
  </datafield>
  <datafield tag="610" ind1="2" ind2="0">
    <subfield code="a">Ste. Anne's Church (Mackinac Island, Mich.)</subfield>
    <subfield code="v">Registers.</subfield>
  </datafield>
  <datafield tag="650" ind1=" " ind2="0">
    <subfield code="a">Church records and registers</subfield>
    <subfield code="z">Michigan</subfield>
    <subfield code="z">Mackinac Island.</subfield>
  </datafield>
  <datafield tag="651" ind1=" " ind2="0">
    <subfield code="a">Mackinac Island (Mich.)</subfield>
    <subfield code="v">Genealogy.</subfield>
  </datafield>
  <datafield tag="610" ind1="2" ind2="0">
    <subfield code="a">Catholic Church</subfield>
    <subfield code="z">Michigan</subfield>
    <subfield code="z">Mackinac Island</subfield>
    <subfield code="v">Registers.</subfield>
  </datafield>
  <datafield tag="852" ind1="8" ind2=" ">
    <subfield code="a">MiU-H</subfield>
    <subfield code="b">BENT</subfield>
    <subfield code="h">0086 Aa 2</subfield>
  </datafield>
  <datafield tag="998" ind1=" " ind2=" ">
    <subfield code="c">LAC</subfield>
  </datafield>
  <datafield tag="955" ind1=" " ind2=" ">
    <subfield code="b">BENT</subfield>
    <subfield code="p">B1416171</subfield>
  </datafield>
</record>
